@inproceedings{PYNQ_NEF,
    author      = {Morcos, Benjamin and Stewart, Terrence C and
                   Eliasmith, Chris and Kapre, Nachiket},
    title       = {Implementing NEF Neural Networks on Embedded FPGAs},
    booktitle   = {International Conference on Field-Programmable
                   Technology (FPT)},
    year        = {2018},
    eventdate   = {2018-12-11/2018-12-14},
    location    = {Naha, Okinawa, Japan},
    publisher   = {IEEE},
}
